
%------------CLEAN----------


 
@online{clean_bob,
	author = {Robert C. Martin (Uncle Bob)},
	title = {The Clean Architecture},
	year = 2012,
	url ={https://blog.cleancoder.com/uncle-bob/2012/08/13/the-clean-architecture.html}
}

@online{clean_cejas,
	author = {Fernando Cejas},
	title = {Architecting Android...The clean way?},
	year = 2014,
	url ={https://fernandocejas.com/2014/09/03/architecting-android-the-clean-way/}
}

@online{clean_android_blueprints,
	author = {Android Team},
	title = {Android Architecture Blueprints [beta] - MVP + Clean Architecture},
	year = 2015,
	url ={https://github.com/android/architecture-samples}
}

@online{clean_five,
	author = {Tomislav Homan (FIVE)},
	title = {Android Architecture Whole Series},
	year = 2016,
	url ={https://five.agency/android-architecture-part-1-every-new-beginning-is-hard/}
}

%--------------ANONIMAS---------------------------------
@online{anon_pankaj,
	author = {Pankaj},
	title = {Java Anonymous Class},
	year = 2018,
	url ={https://www.journaldev.com/12534/java-anonymous-class}
}

@online{mockito_lars,
	author = {Lars Vogel, Fabian Pfaff (Vogella)},
	title = {Unit tests with Mockito},
	year = 2018,
	url ={http://www.vogella.com/tutorials/Mockito/article.html}
}

@online{espress_maksim,
	author = {Maksim Akifev},
	title = {Android Automation Testing: Getting Started with Espresso},
	year = 2018,
	url ={https://medium.com/@akifev/android-automation-testing-getting-started-with-espresso-a6f8cb50746a}
}

%--------------GENERICS----------------------------------
@online{gen_caules,
	author = {Cecilio √Ålvarez Caules},
	title = {Uso de Java Generics},
	year = 2014,
	url ={https://www.arquitecturajava.com/uso-de-java-generics/}
}
%--------------COMMANDER----------------------------------
@online{comm_sugrue,
	author = {James Sugrue},
	title = {Java Anonymous Class},
	year = 2010,
	url ={https://dzone.com/articles/design-patterns-command}
}
%--------------REPO----------------------------------
@online{repo_wolf,
	author = {Wolfgang Ofner},
	title = {Repository and Unit of Work Pattern},
	year = 2018,
	url ={https://www.programmingwithwolfgang.com/repository-and-unit-of-work-pattern/}
}
%--------------MVP----------------------------------
@online{mvp_leiva,
	author = {Antonio Leiva},
	title = {MVP for Android: how to organize the presentation layer},
	year = 2018,
	url ={https://antonioleiva.com/mvp-android/}
}

@online{RxDNSSD,
	author = {Andriy Druk},
	title = {Bonjour in Android Applications},
	year = 2015,
	url ={https://andriydruk.com/post/mdnsresponder/}
}